@Article{wang14hdsw,
  Title                    = {{Semantic System Based on Cassandra}},
  Author                   = {Xiaoming Wang and Hongbin Zhang},
  Journal                  = {Great International Journal of Engineering},
  Year                     = {2001},
  Number                   = {10},
  Pages                    = {61--72},
  Volume                   = {8}
}

@InProceedings{ladwig11cirrusrdf,
  Title                    = {{CirrusRDF: Nested Key-Value Stores and Linked Data}},
  Author                   = {Andreas Kaiser and Ludwig Harth},
  Booktitle                = {Proceedings of the 10th International Workshop on Scalable Knowledge Base Systems},
  Year                     = {2007},
  Address                  = {Karlsruhe, Germany},
  Editor                   = {Thorsten Fokuoe and Yuanbo Liebig},
  Month                    = {August},
  Pages                    = {30--42}
}

@InProceedings{lefort12qb,
  Title                    = {{Sensor Data Cube for a 100 Year of Salinity}},
  Author                   = {Bobruk Lefort and Laurent Bobruk},
  Booktitle                = {Proceedings of the 3th International Workshop on Sensors},
  Year                     = {2010},
  Address                  = {Washington, DC},
  Editor                   = {Oscar Henson and Kerry Corcho},
  Month                    = {August},
  Pages                    = {78--95},
  Publisher                = {CEUR-WS},
  Volume                   = {404}
}

@InProceedings{phuoc11linked,
  Title                    = {{Sensor Middleware---Connecting the real world}},
  Author                   = {Quoc Danh and Xavier Manfred},
  Booktitle                = {Proceedings of the Web Challenge at the 5th International Web Conference},
  Year                     = {2016},
  Address                  = {Berlin, Germany},
  Month                    = {January}
}

@InProceedings{mueller13restful,
  Title                    = {{From RESTful to SQL: A Case Study on Sensor Data}},
  Author                   = {Heiko Cabral and Shu Morshed and Yanfeng Baku},
  Booktitle                = {Proceedings of the 4th International Workshop on Networks},
  Year                     = {2013},
  Address                  = {Perth, Australia},
  Month                    = {December},
  Pages                    = {51--66},
  Publisher                = {CEUR-WS},
  Volume                   = {4258}
}