@Article{wang14hdsw,
  Title                    = {{HDSW: Semantic Sensor Network System Based on Hadoop}},
  Author                   = {Dongfeng Wang and Xiaoming Zhang and Hongbin Gao},
  Journal                  = {International Journal of Multimedia and Ubiquitous Engineering},
  Year                     = {2014},
  Number                   = {12},
  Pages                    = {61--72},
  Volume                   = {9}
}

@InProceedings{ladwig11cumulusrdf,
  Title                    = {{CumulusRDF: Linked Data Management on Nested Key-Value Stores}},
  Author                   = {Ladwig, G{\"u}nter and Harth, Andreas},
  Booktitle                = {Proceedings of the 7th International Workshop on Scalable Semantic Web Knowledge Base Systems (SSWS 2011)},
  Year                     = {2011},
  Address                  = {Bonn, Germany},
  Editor                   = {Achille Fokuoe and Thorsten Liebig and Yuanbo Guo},
  Month                    = {October},
  Pages                    = {30--42}
}

@InProceedings{lefort12qb,
  Title                    = {{A Linked Sensor Data Cube for a 100 Year Homogenised Daily Temperature Dataset}},
  Author                   = {Laurent Lefort and Josh Bobruk and Armin Haller and Kerry Taylor and Andrew Woolf},
  Booktitle                = {Proceedings of the 5th International Workshop on Semantic Sensor Networks},
  Year                     = {2012},
  Address                  = {Boston, Massachusetts},
  Editor                   = {Cory Henson and Kerry Taylor and Oscar Corcho},
  Month                    = {November},
  Pages                    = {1--16},
  Publisher                = {CEUR-WS},
  Volume                   = {904}
}

@InProceedings{phuoc11linked,
  Title                    = {{The Linked Sensor Middleware---Connecting the real world and the Semantic Web}},
  Author                   = {Le-Phuoc, Danh and Quoc, Hoan Nguyen Mau and Parreira, Josiane Xavier and Hauswirth, Manfred},
  Booktitle                = {Proceedings of the Semantic Web Challenge at the 10th International Semantic Web Conference},
  Year                     = {2011},
  Address                  = {Bonn, Germany},
  Month                    = {October}
}

@InProceedings{mueller13restful,
  Title                    = {{From RESTful to SPARQL: A Case Study on Generating Semantic Sensor Data}},
  Author                   = {Heiko M{\"u}ller and Liliana Cabral and Ahsan Morshed and Yanfeng Shu},
  Booktitle                = {Proceedings of the 6th International Workshop on Semantic Sensor Networks},
  Year                     = {2013},
  Address                  = {Sydney, Australia},
  Editor                   = {Oscar Corcho and Cory Henson and Payam Barnaghi},
  Month                    = {October},
  Pages                    = {51--66},
  Publisher                = {CEUR-WS},
  Volume                   = {1063}
}